@article{Suyog,
author = {Zhang, Wei and Gupta, Suyog and Lian, Xiangru and Liu, Ji},
journal = {arXiv preprint arXiv:1511.05950},
title= {STALENESS-AWARE ASYNC-SGD FOR DISTRIBUTED DEEP LEARNING},
year = {2015}
}

@article{Conditional,
  author    = {Emmanuel Bengio and
               Pierre{-}Luc Bacon and
               Joelle Pineau and
               Doina Precup},
  title     = {Conditional Computation in Neural Networks for faster models},
  journal   = {CoRR},
  volume    = {abs/1511.06297},
  year      = {2015},
  url       = {http://arxiv.org/abs/1511.06297},
  timestamp = {Tue, 01 Dec 2015 19:22:34 +0100},
  biburl    = {http://dblp.uni-trier.de/rec/bib/journals/corr/BengioBPP15},
  bibsource = {dblp computer science bibliography, http://dblp.org}
}

@article{Theano,
  author = {Bergstra, James and Breuleux, Olivier and Bastien, Fr{\'{e}}d{\'{e}}ric and Lamblin, Pascal and Pascanu, Razvan and Desjardins, Guillaume and Turian, Joseph and Warde-Farley, David and Bengio, Yoshua},
  title = {Theano: a {CPU} and {GPU} Math Expression Compiler},
  journal = {Proceedings of the Python for Scientific Computing Conference ({SciPy})},
  year = {2010},
}

@article{FirstASGD,  
  author = {Bengio, Yoshua and Ducharme, Réjean and Vincent, Pascal and Jauvin, Christian},
  title = {A Neural Probabilistic Language Model},
  journal = {Journal of Machine Learning Research},
  volume = {3},
  year = {2003},
  pages = {1137–1155},
  publisher = {JMLR.org}
}

@article{Graves,
  author    = {Alex Graves},
  title     = {Generating Sequences With Recurrent Neural Networks},
  journal   = {CoRR},
  volume    = {abs/1308.0850},
  year      = {2013},
  url       = {http://arxiv.org/abs/1308.0850},
  timestamp = {Tue, 10 Dec 2013 12:03:02 +0100},
  biburl    = {http://dblp.uni-trier.de/rec/bib/journals/corr/Graves13},
  bibsource = {dblp computer science bibliography, http://dblp.org}
}

@inproceedings{Dean,
 title = {Large Scale Distributed Deep Networks},
 author = {J. Dean and G.S Corrado and R. Monga and K. Chen and M. Devin and Q.V. Le and M.Z. Mao and M.A. Ranzato and A. Senior and P. Tucker and K. Yang and A. Y. Ng},
 booktitle = {NIPS'2012},
 year = 2012,
}

@article{winograd,
  author    = {A. Lavin and S. Gray},
  title     = {Fast Algorithms for Convolutional Neural Networks},
  journal   = {CoRR},
  volume    = {abs/1509.09308},
  year      = {2015},
  url       = {http://arxiv.org/abs/1509.09308},
  timestamp = {Thu, 01 Oct 2015 14:28:48 +0200},
  biburl    = {http://dblp.uni-trier.de/rec/bib/journals/corr/Lavin15b},
  bibsource = {dblp computer science bibliography, http://dblp.org}
}

@article{Tradeoffs,
  author    = {S. Gupta and W. Zhang and J. Milthorpe},
  title     = {Model Accuracy and Runtime Tradeoff in Distributed Deep Learning},
  journal   = {CoRR},
  volume    = {abs/1509.04120},
  year      = {2015},
  url       = {arXiv:1509.04210v2}
}

@article{MNIST,
  author = {LeCun, Yann and Bottou, L\'eon and Bengio, Yoshua and Haffner, Patrick},
  title = {Gradient-Based Learning Applied to Document Recognition},
  journal = {Proceedings of the IEEE},
  year = {1998}
}

@article{RMSPROP,
  author = {Tieleman, Tijmen and Hinton, Geoffrey},
  title = {Lecture 6.5-rmsprop:  Divide the gradient by a running average of its recent magnitude},
  journal = {Coursera: Neural Networks for Machine Learning},
  year = {2012}
}

@inproceedings{ADAM,
  author = {Trishul Chilimbi and Yutaka Suzue and Johnson Apacible and Karthik Kalyanaraman},
  title = {Project Adam: Building an Efficient and Scalable Deep Learning Training System},
  booktitle = {11th USENIX Symposium on Operating Systems Design and Implementation (OSDI 14)},
  year = {2014},
  month = Oct,
  isbn = { 978-1-931971-16-4},
  address = {Broomfield, CO},
  pages = {571--582},
  url = {https://www.usenix.org/conference/osdi14/technical-sessions/presentation/chilimbi},
  publisher = {USENIX Association}
}

@incollection{Lian,
  title = {Asynchronous Parallel Stochastic Gradient for Nonconvex Optimization},
  author = {Lian, Xiangru and Huang, Yijun and Li, Yuncheng and Liu, Ji},
  booktitle = {Advances in Neural Information Processing Systems 28},
  editor = {C. Cortes and N.D. Lawrence and D.D. Lee and M. Sugiyama and R. Garnett},
  pages = {2719--2727},
  year = {2015},
  publisher = {Curran Associates, Inc.}
}

@Inproceedings{ONEBIT,
author       = {Frank Seide and Hao Fu and Jasha Droppo and Gang Li and Dong Yu},
booktitle    = {Interspeech 2014},
month        = {September},
title        = {1-Bit Stochastic Gradient Descent and Application to Data-Parallel Distributed
                Training of Speech DNNs},
url          = {http://research.microsoft.com/apps/pubs/default.aspx?id=230137},
year         = {2014}
}

@article{Wu,
  author    = {Ren Wu and
               Shengen Yan and
               Yi Shan and
               Qingqing Dang and
               Gang Sun},
  title     = {Deep Image: Scaling up Image Recognition},
  journal   = {CoRR},
  volume    = {abs/1501.02876},
  year      = {2015},
  url       = {http://arxiv.org/abs/1501.02876},
  timestamp = {Mon, 02 Feb 2015 14:12:25 +0100},
  biburl    = {http://dblp.uni-trier.de/rec/bib/journals/corr/WuYSDS15},
  bibsource = {dblp computer science bibliography, http://dblp.org}
}

@inproceedings{Rel,
  author    = {William Chan and
               Ian Lane},
  title     = {Distributed asynchronous optimization of convolutional neural networks},
  booktitle = {{INTERSPEECH} 2014, 15th Annual Conference of the International Speech
               Communication Association, Singapore, September 14-18, 2014},
  pages     = {1073--1077},
  year      = {2014},
  crossref  = {DBLP:conf/interspeech/2014},
  url       = {http://www.isca-speech.org/archive/interspeech_2014/i14_1073.html},
  timestamp = {Wed, 18 Feb 2015 08:38:47 +0100},
  biburl    = {http://dblp.uni-trier.de/rec/bib/conf/interspeech/ChanL14},
  bibsource = {dblp computer science bibliography, http://dblp.org}
}
